@article{Niemeyer:2016sc,
  Author = {Kyle E. Niemeyer and Arfon M. Smith and Daniel S. Katz},
  Title = {The challenge and promise of software citation for credit, identification, discovery, and reuse},
  Journal = {Journal of Data and Information Quality},
  Pages = {16},
  Volume = {7},
  Number = {4},
  Year = 2016,
  doi = {10.1145/2968452}
}

@misc{Hettrick,
  doi = {10.7488/ds/253},
  author = {Hettrick, Simon and Antonioletti, Mario and Carr, Les and {Chue Hong}, Neil and Crouch, Stephen and De Roure, David and Emsley, Iain and Goble, Carole and Hay, Alexander and Inupakutika, Devasena and Jackson, Mike and Nenadic, Aleksandra and Parkinson, Tim and Parsons, Mark I and Pawlik, Aleksandra and Peru, Giacomo and Proeme, Arno and Robinson, John and Sufi, Shoaib},
  Howpublished = {University of Edinburgh on behalf of Software Sustainability Institute},
  title = {{UK} Research Software Survey 2014 [dataset]},
  year = 2015
}

@inproceedings{US-PDA-survey,
author={Udit Nangia and Daniel S. Katz},
title={Track 1 Paper: Surveying the U.S. National Postdoctoral Association Regarding Software Use and Training in Research},
doi={10.6084/m9.figshare.5328442},
year={2017},
booktitle={Workshop on Sustainable Software for Science: Practice and Experiences ({WSSSPE} 5.1)},
}

@inproceedings{nature-survey,
author={Udit Nangia and Daniel S. Katz},
title={Understanding Software in Research: Initial Results from Examining Nature and a Call for Collaboration},
doi={10.1109/eScience.2017.78},
year={2017},
booktitle={Workshop on Sustainable Software for Science: Practice and Experiences ({WSSSPE} 5.2)},
}

@misc{JOSS-publication-workflow,
  title = {{JOSS} publication flowchart},
  author = {Kyle E Niemeyer},
  year = 2017,
  month = jun,
  howpublished = {Figshare},
  doi = {10.6084/m9.figshare.5147773.v1}
}

@misc{Ram2017,
  author = {Karthik Ram and Scott Chamberlain and Noam Ross and Maelle Salmon},
  title = {rOpenSci Onboarding},
  year = 2017,
  howpublished = {\url{https://github.com/ropensci/onboarding}},
  note = {commit \texttt{328434b5e37898e1e321e40f1f13e4bbe78f3d09}},
}

@proceedings{WSSSPE4-proceedings,
	Address = {Aachen},
	Booktitle = {Workshop on Sustainable Software for Science: Practice and Experiences},
	Editor = {Gabrielle Allen and Jeffrey Carver and Sou-Cheng T. Choi and Tom Crick and Michael R. Crusoe and Sandra Gesing and Robert Haines and Michael Heroux and Lorraine J. Hwang and Daniel S. Katz and Kyle E. Niemeyer and Manish Parashar and Colin C. Venters},
	Eventdate = {2016-09-14},
	Issn = {1613-0073},
	Note = {urn:nbn:de:0074-1686-8},
	Number = 1686,
	Series = {CEUR Workshop Proceedings},
	Title = {{Proceedings} of the {Fourth Workshop} on {Sustainable Software} for {Science}: {Practice} and {Experiences} ({WSSSPE4})},
	Url = {http://ceur-ws.org/Vol-1686/},
	Venue = {Manchester, UK},
	Year = 2016
}

@inproceedings{Ram:2016ws,
	Author = {Karthik Ram and Noam Ross and Scott Chamberlain},
	Crossref = {WSSSPE4-proceedings},
	Title = {A model for peer review and onboarding research software},
	Url = {http://ceur-ws.org/Vol-1686/WSSSPE4_paper_13.pdf}
}

@article{tennant-peerreview,
  title = {A multi-disciplinary perspective on emergent and future innovations in peer review [version 2; referees: 2 approved with reservations]},
  author = {Jonathan P. Tennant and Jonathan M. Dugan and Daniel Graziotin and Damien C. Jacques and Fran\c{c}ois Waldner and Daniel Mietchen and Yehia Elkhatib and
Lauren B. Collister and Christina K. Pikas and Tom Crick and Paola Masuzzo and Anthony Caravaggi and Devin R. Berg and Kyle E. Niemeyer and Tony Ross-Hellauer and Sara Mannheimer and Lillian Rigling and Daniel S. Katz and Bastian Greshake and Josmel Pacheco-Mendoza and Nazeefa Fatima and Marta Poblet and Marios Isaakidis and Dasapta Erwin Irawan and S\'{e}bastien Renaut and Christopher R. Madan and Lisa Matthias and Jesper N{\o}rgaard Kj\ae{}r and Daniel Paul O'Donnell and Cameron Neylon and Sarah Kearns and Manojkumar Selvaraju and Julien Colomb},
  journal = {F1000Research},
  year = 2017,
  volume={6},
  number={1151},
  doi={10.12688/f1000research.12037.2}
}

@article{joss-peerj,
title={{J}ournal of {O}pen {S}ource {S}oftware ({JOSS}): design and first-year review},
author={Arfon M. Smith and Kyle E. Niemeyer and Daniel S. Katz and Lorena A. ~Barba and George Githinji and Kathryn D. Huff and Christopher R. Madan and Abigail Cabunoc Mayes and Kevin M. Moerman and Pjotr Prins and Karthik Ram and Ariel Rokem and Tracy K. Teal and Roman Valls Guimera and Jacob~T. Vanderplas},
year=2018,
journal={PeerJ Computer Science},
doi={10.7717/peerj-cs.147}
}

@article{armadillo,
  doi = {10.21105/joss.00026},
  year  = 2016,
  month = jun,
  volume = {1},
  number = {2},
  pages = {26},
  author = {Conrad Sanderson and Ryan Curtin},
  title = {Armadillo: a template-based C++ library for linear algebra},
  journal = {The Journal of Open Source Software}
}

@article{cornerpy,
  doi = {10.21105/joss.00024},
  year  = 2016,
  month = jun,
  volume = {1},
  number = {2},
  pages = {24},
  author = {Daniel Foreman-Mackey},
  title = {corner.py: Scatterplot matrices in Python},
  journal = {The Journal of Open Source Software}
}
