@online{els-software,
  author = {Elsevier},
  title = {Original Software Publications},
  url = {https://www.elsevier.com/authors/author-services/research-elements/software-articles/original-software-publications},
  urldate = {2017-07-02}
}

@online{jorsreview,
  author = {Journal of Open Research Software},
  title = {Editorial Policies: Peer Review Process},
  url = {https://openresearchsoftware.metajnl.com/about/editorialPolicies/},
  urldate = {2017-07-02}
}

@misc{Hettrick,
  doi = {10.7488/ds/253},
  author = {Hettrick, Simon and Antonioletti, Mario and Carr, Les and {Chue Hong}, Neil and Crouch, Stephen and De Roure, David and Emsley, Iain and Goble, Carole and Hay, Alexander and Inupakutika, Devasena and Jackson, Mike and Nenadic, Aleksandra and Parkinson, Tim and Parsons, Mark I and Pawlik, Aleksandra and Peru, Giacomo and Proeme, Arno and Robinson, John and Sufi, Shoaib},
  Howpublished = {University of Edinburgh on behalf of Software Sustainability Institute},
  title = {{UK} Research Software Survey 2014 [dataset]},
  year = 2015
}

@inbook{Buckheit1995,
	Address = {New York, NY},
	Author = {Buckheit, Jonathan B. and Donoho, David L.},
	Booktitle = {Wavelets and Statistics},
	Doi = {10.1007/978-1-4612-2544-7_5},
	Editor = {Antoniadis, Anestis and Oppenheim, Georges},
	Isbn = {978-1-4612-2544-7},
	Pages = {55--81},
	Publisher = {Springer New York},
	Title = {WaveLab and Reproducible Research},
	Year = 1995
}

@online{arfondotorg,
  author = {Arfon M. Smith},
  title = {Announcing The Journal of Open Source Software},
  year = 2016,
  url = {http://web.archive.org/web/20170415195544/http://www.arfon.org/announcing-the-journal-of-open-source-software},
  urldate = {2016-06-21}
}

@misc{hdbscan-joss-pre-review,
  author = {Multiple},
  title = {hdbscan JOSS pre-review},
  year = {2016},
  publisher = {GitHub},
  journal = {GitHub repository},
  url = {https://github.com/openjournals/joss-reviews/issues/191},
  urldate = {2016-06-21}
}

@misc{hdbscan-joss-review,
  author = {Multiple},
  title = {hdbscan JOSS review},
  year = {2016},
  publisher = {GitHub},
  journal = {GitHub repository},
  url = {https://github.com/openjournals/joss-reviews/issues/205},
  urldate = {2016-06-21}
}

@misc{joss-site,
  author = {Multiple},
  title = {JOSS web application},
  year = {2016},
  publisher = {GitHub},
  journal = {GitHub repository},
  url = {https://github.com/openjournals/joss},
  urldate = {2016-06-21},
}

@misc{joss-reviews,
  author = {Multiple},
  title = {JOSS reviews},
  year = {2016},
  publisher = {GitHub},
  journal = {GitHub repository},
  url = {https://github.com/openjournals/joss-reviews},
  urldate = {2016-06-21},
}

@misc{whedon-gem,
  author = {Arfon M. Smith},
  title = {Whedon},
  year = {2016},
  publisher = {GitHub},
  journal = {GitHub repository},
  url = {https://github.com/openjournals/whedon},
  urldate = {2016-06-21},
}

@misc{whedon-api,
  author = {Arfon M. Smith},
  title = {Whedon API},
  year = {2016},
  publisher = {GitHub},
  journal = {GitHub repository},
  url = {https://github.com/openjournals/whedon-api},
  urldate = {2016-06-21},
}

@article{McInnes2017,
  doi = {10.21105/joss.00205},
  year  = 2017,
  month = mar,
  volume = {2},
  number = {11},
  author = {Leland McInnes and John Healy and Steve Astels},
  title = {hdbscan: Hierarchical density based clustering},
  journal = {The Journal of Open Source Software}
}

@article{Smith2016,
  doi = {10.7717/peerj-cs.86},
  year  = 2016,
  month = {9},
  publisher = {{PeerJ}},
  volume = {2},
  pages = {e86},
  author = {Arfon M. Smith and Daniel S. Katz and Kyle E. Niemeyer and {FORCE11 Software Citation Working Group}},
  title = {Software citation principles},
  journal = {{PeerJ} Computer Science}
}

@article{Niemeyer:2016sc,
  Author = {Kyle E. Niemeyer and Arfon M. Smith and Daniel S. Katz},
  Title = {The challenge and promise of software citation for credit, identification, discovery, and reuse},
  Journal = {Journal of Data and Information Quality},
  Pages = {16},
  Volume = {7},
  Number = {4},
  Year = 2016,
  doi = {10.1145/2968452}
}
 

@misc{cc,
  title = {Creative Commons Attribution 4.0 International},
  author = {{Creative Commons}},
  version      = {4.0},
  url = {https://creativecommons.org/licenses/by/4.0/legalcode},
  urldate = {2016-06-21}
  }
  
@misc{mit,
  title = {The MIT License},
  author = {Multiple},
  organization = {Open Source Initiative},
  url = {https://opensource.org/licenses/MIT},
  urldate = {2016-06-21},
  }
  
@misc{JOSS-CSE-poster,
    author = {Arfon M Smith and Lorena A. Barba and George Githinji and Melissa Gymrek and Kathryn Huff and Daniel S. Katz and Christopher Madan and Abigail Cabunoc Mayes and Kevin M Moerman and Kyle E Niemeyer and Pjotr Prins and Karthik Ram and Ariel Rokem and Tracy Teal and Jake Vanderplas},
    title = {{The Journal of Open Source Software}},
    year = 2017,
    month = feb,
    howpublished = {Poster presented at SIAM Computational Science \& Engineering 2017 (CSE17), Atlanta, GA, USA. 27 February--3 March 2017},
    doi = {10.6084/m9.figshare.4688911}
}

@article{ropensci,
  doi = {10.5334/jors.bu},
  year  = 2015,
  volume = 3,
  number = 1,
  pages = {e8},
  title = {Building Software,  Building Community: Lessons from the {rOpenSci} Project},
  journal = {Journal of Open Research Software},
  author = {Carl Boettiger and Scott Chamberlain and Edmund Hart and Karthik Ram},
}

@misc{software-papers-list,
 url={https://www.software.ac.uk/which-journals-should-i-publish-my-software},
 title={In which journals should {I} publish my software?},
 author={Neil {Chue Hong}},
 organization={Software Sustainability Institute},
 urldate = {2016-06-21},
}

@article{Zhang2016:joss,
  doi = {10.21105/joss.00017},
  year  = 2016,
  month = may,
  volume = {1},
  number = {1},
  author = {Zhao Zhang and Daniel S. Katz and Andre Merzky and Matteo Turilli and Shantenu Jha and Yadu Nand},
  title = {{Application Skeleton}: Generating Synthetic Applications for Infrastructure Research},
  journal = {The Journal of Open Source Software}
}

@article{YuZhuYao2017:joss,
  doi = {10.21105/joss.00061},
  year  = 2017,
  month = mar,
  volume = {2},
  number = {11},
  author = {Andy Yu Zhu Yao and David Kane},
  title = {{walkr}: {MCMC} Sampling from Non-Negative Convex Polytopes},
  journal = {The Journal of Open Source Software}
}

@misc{JOSS-reviewers,
  year = 2017,
  author = {Multiple},
  title = {\texttt{reviewers.csv}},
  Howpublished = {Git commit \texttt{2006d1e05ad83c07d6f1bf14787e211167883a6d}},
  url = {https://github.com/openjournals/joss/blob/master/docs/reviewers.csv},
  urldate = {2017-06-01},
}

@misc{code-of-conduct,
  year = 2017,
  title = {{JOSS} {Code} of {Conduct}},
  howpublished = {Git commit \texttt{dc5f7ebe609e1fe900488efa1012cc27966ca129}},
  url = {https://github.com/openjournals/joss/blob/master/CODE_OF_CONDUCT.md},
  urldate = {2016-06-21},
}

@misc{contributor-covenant-coc,
  author = {Coraline Ada Ehmke and {others}},
  title = {{Contributor Covenant Code of Conduct}},
  howpublished = {Version 1.4},
  year = 2016,
  url = {http://contributor-covenant.org/version/1/4/},
  urldate = {2016-06-21},
}

@misc{data-citation,
  editor={Maryanne Martone},
  author={{FORCE11 Data Citation Synthesis Group}},
  title={Joint Declaration of Data Citation Principles},
  year={2014},
  url={https://www.force11.org/group/joint-declaration-data-citation-principles-final},
  urldate = {2016-06-21},
}

@article{Nature:joss,
  title = {{TechBlog}: \textit{JOSS} gives computational scientists their academic due},
  author = {Jeffrey Perkel},
  journal = {Naturejobs Blog},
  month = apr,
  year = 2017,
  url={http://blogs.nature.com/naturejobs/2017/04/04/joss-gives-computational-scientists-their-academic-due/},
}

@article{SDtimes:joss,
  title = {{Journal of Open Source Software} helps researchers write and publish papers on software},
  author = {Madison Moore},
  year = 2017,
  month = may,
  journal = {SD Times},
  url={http://sdtimes.com/journal-open-source-software-helps-researchers-write-publish-papers-software/}
}

@article{Prins:natbio,
  author = {Prins, Pjotr and de Ligt, Joep and Tarasov, Artem and Jansen, Ritsert C and Cuppen, Edwin and Bourne, Philip E},
  title = {Toward effective software solutions for big biology},
  journal = {Nat Biotech},
  volume = 33,
  number = 7,
  pages = {686--687},
  doi = {10.1038/nbt.3240}
}

@article{Vandewalle:2012cl,
author = {Vandewalle, Patrick},
title = {Code Sharing Is Associated with Research Impact in Image Processing},
journal = {Comput. Sci. Eng.},
year = 2012,
volume = {14},
number = {4},
pages = {42--47},
month = jun,
doi = {10.1109/MCSE.2012.63},
}

@article{NatureMethodsEditorialBoard:2014gu,
author = {{Nature Methods Editorial Board}},
title = {Software with impact},
journal = {Nature Methods},
year = 2014,
volume = {11},
number = {3},
pages = {211--211},
month = mar,
doi = {10.1038/nmeth.2880},
}

@article{Morin:2012hz,
author = {Morin, A and Urban, J and Adams, P D and Foster, I and Sali, A and Baker, D and Sliz, P},
title = {Shining Light into Black Boxes},
journal = {Science},
year = 2012,
volume = {336},
number = {6078},
pages = {159--160},
month = apr,
doi = {10.1126/science.1218263},
}

@article{Ince:2012iy,
author = {Ince, Darrel C and Hatton, Leslie and Graham-Cumming, John},
title = {The case for open computer programs},
journal = {Nature},
year = 2012,
volume = {482},
number = {7386},
pages = {485--488},
month = feb,
doi = {10.1038/nature10836},
}

@article{Barnes:2010ut,
author = {Barnes, Nick},
title = {Publish your computer code: it is good enough},
journal = {Nature},
year = 2010,
volume = {467},
pages = {753},
month = oct,
doi = {10.1038/467753a}
}

@misc{JOSS-data-figs,
  title = {{JOSS} first-year publication data and figures},
  author = {Kyle E Niemeyer},
  year = 2017,
  month = jun,
  howpublished = {Figshare},
  doi = {10.6084/m9.figshare.5147722.v1}
}

@misc{JOSS-publication-workflow,
  title = {{JOSS} publication flowchart},
  author = {Kyle E Niemeyer},
  year = 2017,
  month = jun,
  howpublished = {Figshare},
  doi = {10.6084/m9.figshare.5147773.v1}
}

@misc{Ram2017,
  author = {Karthik Ram and Scott Chamberlain and Noam Ross and Maelle Salmon},
  title = {rOpenSci Onboarding},
  year = 2017,
  howpublished = {\url{https://github.com/ropensci/onboarding}},
  note = {commit \texttt{328434b5e37898e1e321e40f1f13e4bbe78f3d09}},
}


@inproceedings{Ram:2016ws,
	Author = {Karthik Ram and Noam Ross and Scott Chamberlain},
	Crossref = {WSSSPE4-proceedings},
	Title = {A model for peer review and onboarding research software},
	Url = {http://ceur-ws.org/Vol-1686/WSSSPE4_paper_13.pdf}
}

@proceedings{WSSSPE4-proceedings,
	Address = {Aachen},
	Booktitle = {Workshop on Sustainable Software for Science: Practice and Experiences},
	Editor = {Gabrielle Allen and Jeffrey Carver and Sou-Cheng T. Choi and Tom Crick and Michael R. Crusoe and Sandra Gesing and Robert Haines and Michael Heroux and Lorraine J. Hwang and Daniel S. Katz and Kyle E. Niemeyer and Manish Parashar and Colin C. Venters},
	Eventdate = {2016-09-14},
	Issn = {1613-0073},
	Note = {urn:nbn:de:0074-1686-8},
	Number = 1686,
	Series = {CEUR Workshop Proceedings},
	Title = {{Proceedings} of the {Fourth Workshop} on {Sustainable Software} for {Science}: {Practice} and {Experiences} ({WSSSPE4})},
	Url = {http://ceur-ws.org/Vol-1686/},
	Venue = {Manchester, UK},
	Year = 2016
}

@misc{US-PDA-survey,
author={Udit Nangia and Daniel S. Katz},
title={Track 1 Paper: Surveying the U.S. National Postdoctoral Association Regarding Software Use and Training in Research},
doi={10.5281/zenodo.814102},
year={2017},
note={submitted to Workshop on Sustainable Software for Science: Practice and Experiences ({WSSSPE} 5.2)},
}

@misc{tennant-peerreview,
  title = {A multi-disciplinary perspective on emergent and future innovations in peer review},
  author = {Jonathan P. Tennant and Jonathan M. Dugan and Daniel Graziotin and Damien C. Jacques and Fran\c{c}ois Waldner and Daniel Mietchen and Yehia Elkhatib and
Lauren B. Collister and Christina K. Pikas and Tom Crick and Paola Masuzzo and Anthony Caravaggi and Devin R. Berg and Kyle E. Niemeyer and Tony Ross-Hellauer and Sara Mannheimer and Lillian Rigling and Daniel S. Katz and Bastian Greshake and Josmel Pacheco-Mendoza and Nazeefa Fatima and Marta Poblet and Marios Isaakidis and Dasapta Erwin Irawan and S\'{e}bastien Renaut and Christopher R. Madan and Lisa Matthias and Jesper N{\o}rgaard Kj\ae{}r and Daniel Paul O'Donnell and Cameron Neylon and Sarah Kearns and Manojkumar Selvaraju and Julien Colomb},
  Note = {\textit{F1000Research}, submitted},
  year = 2017,
}

@article{10.7717/peerj-cs.1,
 title = {Achieving human and machine accessibility of cited data in scholarly publications},
 author = {Starr, Joan and Castro, Eleni and Crosas, Mercè and Dumontier, Michel and Downs, Robert R. and Duerr, Ruth and Haak, Laurel L. and Haendel, Melissa and Herman, Ivan and Hodson, Simon and Hourclé, Joe and Kratz, John Ernest and Lin, Jennifer and Nielsen, Lars Holm and Nurnberger, Amy and Proell, Stefan and Rauber, Andreas and Sacchi, Simone and Smith, Arthur and Taylor, Mike and Clark, Tim},
 year = 2015,
 month = may,
 volume = 1,
 pages = {e1},
 journal = {PeerJ Computer Science},
 doi = {10.7717/peerj-cs.1}
}